@misc{ at:irpf,
       author = "Agencia Estatal de Administración Tributaria",
       title = "Cuadro informativo tipos de retención aplicables (2020)",
       year = "2020",
       url = "https://www.agenciatributaria.es/AEAT.internet/Inicio/La_Agencia_Tributaria/Campanas/Retenciones/Cuadro_informativo_tipos_de_retencion_aplicables__2020_.shtml",
       note = "[Internet; Accedido 13-junio-2020]"
}

@misc{ gob:seg,
       author = "Seguridad Social",
       title = "Bases y tipos de cotización 2019",
       year = "2020",
       url = "http://www.seg-social.es/wps/portal/wss/internet/Trabajadores/CotizacionRecaudacionTrabajadores/36537",
       note = "[Internet; Accedido 13-junio-2020]"
}

@misc{ cenieh:ariadne,
       author = "CENIEH",
       title = "ARIADNEplus --- Proyectos",
       year = "2020",
       url = "https://www.cenieh.es/investigacion/proyectos/ariadneplus",
       note = "[Internet; Accedido 13-junio-2020]"
}

@misc{ scrum:web,
       author = "Scrum",
       title = "The home of Scrum",
       year = "2020",
       url = "https://www.scrum.org/",
       note = "[Internet; Accedido 13-junio-2020]"
}

@misc{ ubu:web,
       author = "UBU",
       title = "Universidad de Burgos",
       year = "2020",
       url = "https://www.ubu.es/",
       note = "[Internet; Accedido 13-junio-2020]"
}

@misc{ github:web,
       author = "GitHub",
       title = "The world's leading software development platform",
       year = "2020",
       url = "https://www.github.com/",
       note = "[Internet; Accedido 13-junio-2020]"
}

@misc{ zenhub:web,
       author = "ZenHub",
       title = "Agile Project Management for GitHub",
       year = "2020",
       url = "https://www.zenhub.com/",
       note = "[Internet; Accedido 13-junio-2020]"
}

@misc{ cenieh:web,
       author = "CENIEH",
       title = "Centro Nacional de Investigación sobre la Evolución Humana",
       year = "2020",
       url = "https://www.cenieh.es/",
       note = "[Internet; Accedido 13-junio-2020]"
}

@misc{ gnu:web,
       author = "GNU",
       title = "General Public License v3.0",
       year = "2020",
       url = "https://www.gnu.org/licenses/gpl-3.0.html",
       note = "[Internet; Accedido 13-junio-2020]"
}

@misc{ weboff:cc,
       author = "Creative Commons",
       year = "2020",
       url = "https://creativecommons.org/",
       note = "[Internet; Accedido 19-junio-2020]"
}

@misc{ omeka:plugins,
       author = "Omeka",
       title = "Plugins",
       year = "2020",
       url = "https://omeka.org/classic/plugins/",
       note = "[Internet; Accedido 20-junio-2020]"
}

@misc{ github:omekaplugins,
       author = "Github",
       title = "Daniel-km --- Omeka Plugins",
       year = "2020",
       url = "https://daniel-km.github.io/UpgradeToOmekaS/omeka_plugins.html",
       note = "[Internet; Accedido 20-junio-2020]"
}

@misc{ cloud:web,
       author = "Google",
       title = "Google Cloud",
       year = "2020",
       url = "https://cloud.google.com/",
       note = "[Internet; Accedido 21-junio-2020]"
}

@misc{ wiki:lamp,
       author = "Wikipedia",
       title = "LAMP --- Wikipedia{,} The Free Encyclopedia",
       year = "2020",
       url = "https://es.wikipedia.org/wiki/LAMP",
       note = "[Internet; Accedido 21-junio-2020]"
}

@misc{ linux:web,
       author = "Linux",
       title = "What is Linux",
       year = "2020",
       url = "https://www.linux.com/what-is-linux/",
       note = "[Internet; Accedido 21-junio-2020]"
}

@misc{ apache:install,
       author = "Apache HTTP Server Project",
       title = "Documentation --- Install",
       year = "2020",
       url = "http://httpd.apache.org/docs/trunk/es/install.html",
       note = "[Internet; Accedido 21-junio-2020]"
}

@misc{ mysql:install,
       author = "MySQL",
       title = "Documentation --- Installation Guide",
       year = "2020",
       url = "https://dev.mysql.com/doc/mysql-installation-excerpt/5.7/en/",
       note = "[Internet; Accedido 21-junio-2020]"
}

@misc{ php:install,
       author = "PHP",
       title = "Manual --- Instalación y configuración",
       year = "2020",
       url = "https://www.php.net/manual/es/install.php",
       note = "[Internet; Accedido 21-junio-2020]"
}

@misc{ imagemagick:install,
       author = "ImageMagick",
       title = "Install for Unix and Windows source",
       year = "2020",
       url = "https://imagemagick.org/script/install-source.php",
       note = "[Internet; Accedido 21-junio-2020]"
}

@misc{ docker:install,
       author = "Docker",
       title = "Documentation --- Install Docker Engine",
       year = "2020",
       url = "https://docs.docker.com/engine/install/",
       note = "[Internet; Accedido 21-junio-2020]"
}

@misc{ kubectl:install,
       author = "Kubernetes",
       title = "Documentación --- Instalar y Configurar kubectl",
       year = "2020",
       url = "https://kubernetes.io/es/docs/tasks/tools/install-kubectl/",
       note = "[Internet; Accedido 21-junio-2020]"
}

@misc{ kustomize:repo,
       author = "Github",
       title = "Kustomize",
       year = "2020",
       url = "https://github.com/kubernetes-sigs/kustomize",
       note = "[Internet; Accedido 21-junio-2020]"
}

