@misc{ agile:scrum,
       author = "Agile Alliance",
       title = "What is Scrum?",
       year = "2020",
       url = "https://www.agilealliance.org/glossary/scrum/",
       note = "[Internet; accedido el 22-marzo-2020]"
}


